@misc{scholak2021picard,
title={PICARD: Parsing Incrementally for Constrained Auto-Regressive Decoding from Language Models},
author={Torsten Scholak and Nathan Schucher and Dzmitry Bahdanau},
year={2021},
eprint={2109.05093},
archivePrefix={arXiv},
primaryClass={cs.CL}
}

@misc{wolf2020huggingfaces,
      title={HuggingFace's Transformers: State-of-the-art Natural Language Processing},
      author={Thomas Wolf and Lysandre Debut and Victor Sanh and Julien Chaumond and Clement Delangue and Anthony Moi and Pierric Cistac and Tim Rault and RÃ©mi Louf and Morgan Funtowicz and Joe Davison and Sam Shleifer and Patrick von Platen and Clara Ma and Yacine Jernite and Julien Plu and Canwen Xu and Teven Le Scao and Sylvain Gugger and Mariama Drame and Quentin Lhoest and Alexander M. Rush},
      year={2020},
      eprint={1910.03771},
      archivePrefix={arXiv},
      primaryClass={cs.CL}
}

@misc{yu2019spider,
title={Spider: A Large-Scale Human-Labeled Dataset for Complex and Cross-Domain Semantic Parsing and Text-to-SQL Task},
author={Tao Yu and Rui Zhang and Kai Yang and Michihiro Yasunaga and Dongxu Wang and Zifan Li and James Ma and Irene Li and Qingning Yao and Shanelle Roman and Zilin Zhang and Dragomir Radev},
year={2019},
eprint={1809.08887},
archivePrefix={arXiv},
primaryClass={cs.CL}
}

@misc{misc_movie_132,
author       = {Wiederhold,Gio},
title        = {{Movie}},
year         = {1999},
howpublished = {UCI Machine Learning Repository},
note         = {{DOI}: \url{10.24432/C5SW2R}}
}

@misc{githubPyparsing,
	author = {{P}y{P}arsing},
	title = {{P}y{P}arsing: {P}ython library for creating {P}{E}{G} parsers},
	howpublished = {\url{https://github.com/pyparsing/pyparsing/}},
	year = {},
	note = {[Accessed 24-Apr-2023]},
}

@misc{raffel2020exploring,
      title={Exploring the Limits of Transfer Learning with a Unified Text-to-Text Transformer},
      author={Colin Raffel and Noam Shazeer and Adam Roberts and Katherine Lee and Sharan Narang and Michael Matena and Yanqi Zhou and Wei Li and Peter J. Liu},
      year={2020},
      eprint={1910.10683},
      archivePrefix={arXiv},
      primaryClass={cs.LG}
}

@misc{chung2022scaling,
      title={Scaling Instruction-Finetuned Language Models},
      author={Hyung Won Chung and Le Hou and Shayne Longpre and Barret Zoph and Yi Tay and William Fedus and Yunxuan Li and Xuezhi Wang and Mostafa Dehghani and Siddhartha Brahma and Albert Webson and Shixiang Shane Gu and Zhuyun Dai and Mirac Suzgun and Xinyun Chen and Aakanksha Chowdhery and Alex Castro-Ros and Marie Pellat and Kevin Robinson and Dasha Valter and Sharan Narang and Gaurav Mishra and Adams Yu and Vincent Zhao and Yanping Huang and Andrew Dai and Hongkun Yu and Slav Petrov and Ed H. Chi and Jeff Dean and Jacob Devlin and Adam Roberts and Denny Zhou and Quoc V. Le and Jason Wei},
      year={2022},
      eprint={2210.11416},
      archivePrefix={arXiv},
      primaryClass={cs.LG}
}

@misc{chowdhery2022palm,
      title={PaLM: Scaling Language Modeling with Pathways},
      author={Aakanksha Chowdhery and Sharan Narang and Jacob Devlin and Maarten Bosma and Gaurav Mishra and Adam Roberts and Paul Barham and Hyung Won Chung and Charles Sutton and Sebastian Gehrmann and Parker Schuh and Kensen Shi and Sasha Tsvyashchenko and Joshua Maynez and Abhishek Rao and Parker Barnes and Yi Tay and Noam Shazeer and Vinodkumar Prabhakaran and Emily Reif and Nan Du and Ben Hutchinson and Reiner Pope and James Bradbury and Jacob Austin and Michael Isard and Guy Gur-Ari and Pengcheng Yin and Toju Duke and Anselm Levskaya and Sanjay Ghemawat and Sunipa Dev and Henryk Michalewski and Xavier Garcia and Vedant Misra and Kevin Robinson and Liam Fedus and Denny Zhou and Daphne Ippolito and David Luan and Hyeontaek Lim and Barret Zoph and Alexander Spiridonov and Ryan Sepassi and David Dohan and Shivani Agrawal and Mark Omernick and Andrew M. Dai and Thanumalayan Sankaranarayana Pillai and Marie Pellat and Aitor Lewkowycz and Erica Moreira and Rewon Child and Oleksandr Polozov and Katherine Lee and Zongwei Zhou and Xuezhi Wang and Brennan Saeta and Mark Diaz and Orhan Firat and Michele Catasta and Jason Wei and Kathy Meier-Hellstern and Douglas Eck and Jeff Dean and Slav Petrov and Noah Fiedel},
      year={2022},
      eprint={2204.02311},
      archivePrefix={arXiv},
      primaryClass={cs.CL}
}

@article{radfordgpt2,
  added-at = {2019-02-27T03:35:25.000+0100},
  author = {Radford, Alec and Wu, Jeffrey and Child, Rewon and Luan, David and Amodei, Dario and Sutskever, Ilya},
  biburl = {https://www.bibsonomy.org/bibtex/2b30710316a8cfbae687672ea1f85c193/kirk86},
  description = {Language Models are Unsupervised Multitask Learners},
  interhash = {ce8168300081d74707849ed488e2a458},
  intrahash = {b30710316a8cfbae687672ea1f85c193},
  keywords = {learning multitask},
  timestamp = {2019-02-27T03:35:25.000+0100},
  title = {Language Models are Unsupervised Multitask Learners},
  url = {https://d4mucfpksywv.cloudfront.net/better-language-models/language-models.pdf},
  year = 2018
}

@misc{djlserving,
    author = {{DJL}},
    title = {{D}eep {J}ava {L}ibrary {S}erving},
	howpublished = {\url{https://docs.djl.ai/docs/serving/index.html}},
    year = {},
    note = {[Accessed 24-Apr-2023]},
}
